<record><leader>00000cas a22000007a 4500</leader><controlfield tag="001">10946751</controlfield><controlfield tag="008">840713d18651873iauwr ne      0    0eng d</controlfield><datafield ind1=" " ind2=" " tag="010"><subfield code="a">sn 84027193 </subfield></datafield><datafield ind1=" " ind2=" " tag="040"><subfield code="a">NPU</subfield><subfield code="b">eng</subfield><subfield code="c">NPU</subfield><subfield code="d">NPX</subfield><subfield code="d">INP</subfield><subfield code="d">OCLCQ</subfield></datafield><datafield ind1=" " ind2=" " tag="042"><subfield code="a">msc</subfield></datafield><datafield ind1="0" ind2=" " tag="130"><subfield code="a">Leon pioneer (Leon, Iowa : 1865)</subfield></datafield><datafield ind1="1" ind2="4" tag="245"><subfield code="a">The Leon pioneer.</subfield></datafield><datafield ind1="1" ind2="3" tag="246"><subfield code="a">Leon weekly pioneer</subfield></datafield><datafield ind1=" " ind2=" " tag="260"><subfield code="a">Leon, Iowa :</subfield><subfield code="b">G.N. Udell</subfield></datafield><datafield ind1=" " ind2=" " tag="300"><subfield code="a">v.</subfield></datafield><datafield ind1=" " ind2=" " tag="310"><subfield code="a">Weekly</subfield></datafield><datafield ind1="1" ind2=" " tag="362"><subfield code="a">Began in 1865? Ceased in 1873.</subfield><subfield code="z">Cf. Bibl. of Iowa newspapers.</subfield></datafield><datafield ind1=" " ind2=" " tag="500"><subfield code="a">Published as: Leon weekly pioneer, &lt;Jan. 16, 1873&gt;.</subfield></datafield><datafield ind1=" " ind2=" " tag="500"><subfield code="a">Editor: G.N. Udell, &lt;1867&gt;.</subfield></datafield><datafield ind1=" " ind2=" " tag="500"><subfield code="a">Publishers: Frazier &amp; Shinn, &lt;1873&gt;.</subfield></datafield><datafield ind1=" " ind2=" " tag="580"><subfield code="a">Continues: Democratic reporter (non-extant). Cf. Bibl. of Iowa newspapers.</subfield></datafield><datafield ind1=" " ind2=" " tag="588"><subfield code="a">Description based on: Vol. 2, no. 23 (Feb. 27, 1867).</subfield></datafield><datafield ind1=" " ind2=" " tag="752"><subfield code="a">United States</subfield><subfield code="b">Iowa</subfield><subfield code="c">Decatur</subfield><subfield code="d">Leon.</subfield></datafield><datafield ind1="1" ind2="0" tag="780"><subfield code="t">Democratic reporter</subfield></datafield><datafield ind1="1" ind2=" " tag="029"><subfield code="a">AU@</subfield><subfield code="b">000025788019</subfield></datafield></record>